@book{plasma,
	author = {宮本健郎},
	title = {『プラズマ物理・核融合』},
	publisher = {東京大学出版会},
	year = {2004},
}

@book{takamura,
	author = {高村秀一},
	title = {『プラズマ加熱基礎論』},
	publisher = {名古屋大学出版会},
	year = {1986},
}

@article{iwama,
	author          = {N. Iwama and H. Yoshida and H. Takimoto and Y. Shen and S. Takamura and T. Tsukishima},
	title           = {Phillips ‒ Tikhonov regularization of plasma image reconstruction with the generalized cross validation},
	journal         = {Applied Physics Letters},
	volume          = {54},
	number          = {6},
	year            = {1989}
}

@article{3drecon,
	author          = {P. L. Pritchett and F. V. Coroniti},
	title           = {Three-dimensional collisionless magnetic reconnection in the presence of a guide field},
	journal         = {Journal of Geophysical Research: Space Physics},
	volume          = {109},
	number          = {A1},
	year            = {2004}
}

@article{utst,
	author          = {M. Inomoto and T. Ushiki and X. Guo and T. Sugawara and K. Kondo and T. Mihara and Y. Minami and Y. Inai and H. Kaneko and R. Yanai and Y. Takahata and H. Tanabe and Y. Ono and A. Sanpei and S. Kamio},
	title           = {Effects of reconnection downstream conditions on electron parallel acceleration during the merging start-up of a spherical tokamak},
	journal         = {Nuclear Fusion},
	volume          = {59},
	number          = {8},
	year            = {2019}
}

@article{separatrics,
	author          = {P. L. Pritchett},
	title           = {Relativistic electron production during guide field magnetic reconnection},
	journal         = {Journal of Geophysical Research: Space Physics},
	volume          = {111},
	number          = {10},
	year            = {2006}
}

@article{surf,
	author          = {M. Hoshino},
	title           = {Electron surfing acceleration in magnetic reconnection},
	journal         = {Journal of Geophysical Research: Space Physics},
	volume          = {110},
	number          = {A10},
	year            = {2005}
}

@article{RSI,
	author          = {Junguang Xiang and Shinjiro Takeda and Yunhan Cai and et al.},
	title           = {Double-filter high-resolution soft x-ray tomographic diagnostic for investigating electron acceleration in TS-6 reconnection merging experiments},
	journal         = {Review of Scientific Instruments},
	volume          = {92},
	number          = {},
	year            = {2021}
}

@article{fisher,
	author          = {M. Anton et al.},
	title           = {X-ray tomography on the TCV tokamak},
	journal         = {Plasma Physics and Controlled Fusion},
	volume          = {38},
	number          = {},
	year            = {1996}
}
@article{onobeta,
	author          = {Y. Ono},
	title           = {球状トカマクの実用炉への展望-トカマクの低アスペクト比化への挑戦- 2.STはどこまで高ベータ化できるか? 2.1 高ベータ運転の限界はどこか?},
	journal         = {Journal of Plasma and Fusion Research},
	volume          = {80},
	number          = {11},
	year            = {2004}
}

@article{yamada2010,
	author = {M. Yamada and R. Kulsrud and H. Ji},
	title = {Magnetic reconnection},
	journal = {Rev. Mod. Phys.},
	volume = {82},
	number = {1},
	pages = {603-664},
	year = {2010},
}

@article{inomoto,
	author = {井　通暁},
	title = {「磁気リコネクションを用いた高ベータ球状トカマクの生成実験」},
	journal = {東京大学博士論文},
	year = {1999},
}

@article{yamasaki2,
	author = {山崎　広太郎},
	title = {「球状トカマクの合体立ち上げの最適化と電子加速·加熱機構の解明」},
	journal = {東京大学博士論文},
	year = {2015},
}

@article{tanabe,
	author = {田辺　博士},
	title = {「イオンドップラートモグラフィを用いた高ベータ球状トカマク合体生成機構の解明」},
	journal = {東京大学博士論文},
	year = {2013},
}

@article{yamanaka,
	author = {山中　晴揮},
	title = {「電流シート構造解明を目指した2次元高精細イオンドップラー計測の開発」},
	journal = {東京大学修士論文},
	year = {2017},
}

@article{inoue,
	author = {井上　静雄},
	title = {「数値シミュレーションを用いた磁気リコネクションのエネルギー変換過程の研究」},
	journal = {東京大学博士論文},
	year = {2014},
}
@article{yoo,
	author = {Jongsoo Yoo and Masaaki Yamada and Hantao Ji and Jonathan JaraAlmonte and Clayton E. Myers},
	title = {Bulk ion acceleration and particle heating during magnetic reconnection in a laboratory plasma},
	journal = {Physics of Plasmas},
	volume = {21},
	number = {055706},
	year = {2014},
}

@article{pri,
	author = {P. L. Pritchett},
	title = {Onset and saturation of guide-field magnetic reconnection},
	journal = {Physics of Plasmas},
	volume = {12},
	number = {062301},
	pages = {},
	year = {2005},
}

@article{tha,
	author = {T. D. Tharp and M. Yamada and H. Ji and E. Lawrence,　S. Dorfman and C. Myers and J. Yoo, Y.M. Huang and A. Bhattacharjee},
	title = {Study of the effects of guide field on Hall reconnection },
	journal = {Physics of Plasmas},
	volume = {20},
	number = {055705},
	pages = {},
	year = {2013},
}

@article{mach,
	author = {X. Zhang and D. Dandurand and T. Gray and M. R. Brown and V. S. Lukin},
	title = {Calibrated cylindrical Mach probe in a plasma wind tunnel},
	journal = {REVIEW OF SCIENTIFIC INSTRUMENTS},
	volume = {82},
	number = {033510},
	pages = {},
	year = {2011},
}

@article{mast,
	author = {P. K. Browning and S. Cardnell and M. Evans and F. Arese Lucini and V. S. Lukin and K. G. McClements and A. Stanier},
	title = {Two-fluid and magnetohydrodynamic modelling of
	magnetic reconnection in the MAST spherical
	tokamak and the solar corona},
	journal = {Plasma Physics and Controlled Fusion},
	volume = {58},
	number = {014041},
	pages = {},
	year = {2016},
}

@article{mach1,
	author = {Kyu-Sun CHUNG},
	title = {Why Is the Mach Probe Formula Expressed as $R=J_{up}/J_{dn}=exp[KM_{∞}]?$},
	journal = {Japanese Journal of Applied Physics},
	volume = {45},
	number = {10A},
	pages = {7914--7916},
	year = {2006},
}

@article{bra,
	author = {S. I. Braginskii},
	title = {TRANSPORT PROCESSES IN A PLASMA},
	journal = {Reviews of Plasma Physics},
	volume = {1},
	number = {},
	pages = {205--311},
	year = {1965},
}

@article{inoue2,
	author = {S. Inoue and Y. Ono and H. Tanabe and R. Horiuchi and C. Z. Cheng},
	title = {Numerical study of energy conversion mechanism of magnetic reconnection in the presence of high guide field},
	journal = {Nuclear Fusion},
	volume = {55},
	number = {083014},
	pages = {},
	year = {2015},
}

@article{tanabe2,
	author = {H. Tanabe and A. Kuwahata and H. Oka and M. Annoura and H. Koike and K. Nishida and S. You and Y. Narushima and A. Balandin and M. Inomoto and Y. Ono},
	title = {Two-dimensional ion temperature measurement by application of tomographic reconstruction to Doppler spectroscopy},
	journal = {Nuclear Fusion},
	volume = {53},
	number = {093027},
	pages = {},
	year = {2013},
}

@article{kado,
	author = {門　信一郎},
	title = {プラズマ流の計測～分光法～},
	journal = {J. Plasma Fusion Res.},
	volume = {83},
	number = {2},
	pages = {176--187},
	year = {2007},
}

@article{ono1,
	author = {Y. Ono and H. Tanabe and T. Yamada and M. Inomoto and T. Ii and S.  Inoue and K. Gi and T. Watanabe and M. Gryaznevich and R. Scannell and C. Michael and C.Z. Cheng},
	title = {Ion and electron heating characteristics of magnetic reconnection in tokamak plasma merging experiments},
	journal = {Plasma Phys. Control. Fusion},
	volume = {54},
	number = {124039},
	pages = {},
	year = {2012},
}

@article{egedal,
	author = {J. Egedal and W. Fox and N. Katz and M. Porkolab and K. Reim and E. Zhang},
	title = {Laboratory Observations of Spontaneous Magnetic Reconnection},
	journal = {Physical review letters},
	volume = {98},
	number = {015003},
	pages = {},
	year = {2007},
}

@article{yamasaki,
	author = {K. Yamasaki and S. Inoue and S. Kamio and T. G. Watanabe and T. Ushiki and X. Guo and T. Sugawara and K. Matsuyama and N. Kawakami and T. Yamada and M. Inomoto and Y. Ono
},
	title = {Laboratory study of diffusion region with electron energization during high guide field reconnection},
	journal = { Physics of Plasmas},
	volume = {22},
	number = {101202},
	pages = {},
	year = {2015},
}


@article{kaku,
	author = {Xuehan Guo and Michiaki Inomoto and Takumichi Sugawara and Kotaro Yamasaki and Tomohiko Ushiki and Yasushi Ono and TS Group},
	title = {Localized electron heating by strong guide-field magnetic reconnection
},
	journal = {Physics of Plasmas},
	volume = {22},
	number = {101201},
	pages = {},
	year = {2015},
}
@article{ono3,
	author = {Y. Ono and H. Tanabe and T. Yamada and  K. Gi and T. Watanabe and T. Ii and M. Gryaznevich and R. Scannell and N. Conway and B. Crowley and C. Michael},
	title = {High power heating of magnetic reconnection in merging tokamak experiments},
	journal = {Physics of Plasmas},
	volume = {22},
	number = {055708},
	pages = {},
	year = {2015},
}

@article{ono,
	author = {Y. Ono and H. Tanabe and Y. Hayashi and T. Ii and Y. Narushima and T. Yamada and M. Inomoto and C. Z. Cheng},
	title = {Ion and electron heating characteristics of magnetic reconnection in a two flux loop merging experiment},
	journal = {Physical review letters},
	volume = {107},
	number = {185001},
	pages = {},
	year = {2011},
}
@article{mrx,
	author = {W. Fox and F. Sciortino and A. v. Stechow and J. Jara-Almonte and J. Yoo and H. Ji and M. Yamada},
	title = {Experimental Verification of the Role of Electron Pressure in Fast Magnetic Reconnection with a Guide Field},
	journal = {Physical review letters},
	volume = {118},
	number = {125002},
	pages = {},
	year = {2017},
}
@misc{PF,
	author = "{六ヶ所核融合研究所国際核融合エネルギーセンター}",
	title = "{核融合炉の概念図}",
	howpublished = {http://www.fusion.qst.go.jp/rokkasyo/project/iferc.html}
}

@article{nlmfilter,
	author = {A. Buades and B. Coll and J.-M. Morel},
	title = {A Non-Local Algorithm for Image Denoising},
	journal = {IEEE® Computer Society Conference on Computer Vision and Pattern Recognition},
	volume = {2},
	number = {},
	pages = {60-65},
	year = {2005},
}